%YAML 1.1
%TAG !u! tag:unity3d.com,2011:
--- !u!1 &188132
GameObject:
  m_ObjectHideFlags: 0
  m_PrefabParentObject: {fileID: 0}
  m_PrefabInternal: {fileID: 100100000}
  serializedVersion: 5
  m_Component:
  - component: {fileID: 490858}
  - component: {fileID: 21251810}
  - component: {fileID: 6140688}
  - component: {fileID: 11402704}
  m_Layer: 0
  m_Name: ChessPiece
  m_TagString: Untagged
  m_Icon: {fileID: 0}
  m_NavMeshLayer: 0
  m_StaticEditorFlags: 0
  m_IsActive: 1
--- !u!4 &490858
Transform:
  m_ObjectHideFlags: 1
  m_PrefabParentObject: {fileID: 0}
  m_PrefabInternal: {fileID: 100100000}
  m_GameObject: {fileID: 188132}
  m_LocalRotation: {x: 0, y: 0, z: 0, w: 1}
  m_LocalPosition: {x: 1.233, y: -0.363, z: 7.3}
  m_LocalScale: {x: 1, y: 1, z: 1}
  m_Children: []
  m_Father: {fileID: 0}
  m_RootOrder: 0
  m_LocalEulerAnglesHint: {x: 0, y: 0, z: 0}
--- !u!61 &6140688
BoxCollider2D:
  m_ObjectHideFlags: 1
  m_PrefabParentObject: {fileID: 0}
  m_PrefabInternal: {fileID: 100100000}
  m_GameObject: {fileID: 188132}
  m_Enabled: 1
  m_Density: 1
  m_Material: {fileID: 0}
  m_IsTrigger: 0
  m_UsedByEffector: 0
  m_UsedByComposite: 0
  m_Offset: {x: 0, y: 0}
  m_SpriteTilingProperty:
    border: {x: 0, y: 0, z: 0, w: 0}
    pivot: {x: 0.5, y: 0.5}
    oldSize: {x: 0.6, y: 0.6}
    newSize: {x: 1, y: 1}
    adaptiveTilingThreshold: 0.5
    drawMode: 0
    adaptiveTiling: 0
  m_AutoTiling: 0
  serializedVersion: 2
  m_Size: {x: 0.5, y: 0.5}
  m_EdgeRadius: 0
--- !u!114 &11402704
MonoBehaviour:
  m_ObjectHideFlags: 1
  m_PrefabParentObject: {fileID: 0}
  m_PrefabInternal: {fileID: 100100000}
  m_GameObject: {fileID: 188132}
  m_Enabled: 1
  m_EditorHideFlags: 0
  m_Script: {fileID: 11500000, guid: 6b5310a4374456b44986925a339bf9f4, type: 3}
  m_Name: 
  m_EditorClassIdentifier: 
  white: 0
  square: {fileID: 0}
  sprites:
  - {fileID: 21300000, guid: 3b5b6404b8210fd46b59a8ba1385c6df, type: 3}
  - {fileID: 21300000, guid: fcd2ebd7e6375e34cbdf09bafe545b8c, type: 3}
  - {fileID: 21300000, guid: adf8c975c3e00a645ad9a9bc1bf90f0b, type: 3}
  - {fileID: 21300000, guid: 0b3e3d65c602f774aafbe24a2572d0c4, type: 3}
  - {fileID: 21300000, guid: 62d315709a52e6f4997bcb95b773b470, type: 3}
  - {fileID: 21300000, guid: 5e1a2ddf9f2560342acc1fe3b9a8ea33, type: 3}
  - {fileID: 21300000, guid: 334006a4668fe2042acf18245205ecfd, type: 3}
  - {fileID: 21300000, guid: 3e5e2654dd8056f46b32330fe1308943, type: 3}
  - {fileID: 21300000, guid: 328e8a8f14a1de2468cecde208c6e272, type: 3}
  - {fileID: 21300000, guid: 01368e8bd758b684b966233835a3d1e7, type: 3}
  - {fileID: 21300000, guid: 9460204a6c4a8b345b9094599edbb640, type: 3}
  - {fileID: 21300000, guid: 714cc865ed9d63d4baa905d2360cddb3, type: 3}
  type: -1
  dead: 0
--- !u!212 &21251810
SpriteRenderer:
  m_ObjectHideFlags: 1
  m_PrefabParentObject: {fileID: 0}
  m_PrefabInternal: {fileID: 100100000}
  m_GameObject: {fileID: 188132}
  m_Enabled: 1
  m_CastShadows: 0
  m_ReceiveShadows: 0
  m_MotionVectors: 1
  m_LightProbeUsage: 0
  m_ReflectionProbeUsage: 0
  m_Materials:
  - {fileID: 10754, guid: 0000000000000000f000000000000000, type: 0}
  m_StaticBatchInfo:
    firstSubMesh: 0
    subMeshCount: 0
  m_StaticBatchRoot: {fileID: 0}
  m_ProbeAnchor: {fileID: 0}
  m_LightProbeVolumeOverride: {fileID: 0}
  m_ScaleInLightmap: 1
  m_PreserveUVs: 0
  m_IgnoreNormalsForChartDetection: 0
  m_ImportantGI: 0
  m_SelectedEditorRenderState: 0
  m_MinimumChartSize: 4
  m_AutoUVMaxDistance: 0.5
  m_AutoUVMaxAngle: 89
  m_LightmapParameters: {fileID: 0}
  m_SortingLayerID: 0
  m_SortingLayer: 0
  m_SortingOrder: 10
  m_Sprite: {fileID: 21300000, guid: 5e1a2ddf9f2560342acc1fe3b9a8ea33, type: 3}
  m_Color: {r: 1, g: 1, b: 1, a: 1}
  m_FlipX: 0
  m_FlipY: 0
  m_DrawMode: 0
  m_Size: {x: 1, y: 1}
  m_AdaptiveModeThreshold: 0.5
  m_SpriteTileMode: 0
  m_WasSpriteAssigned: 1
  m_MaskInteraction: 0
--- !u!1001 &100100000
Prefab:
  m_ObjectHideFlags: 1
  serializedVersion: 2
  m_Modification:
    m_TransformParent: {fileID: 0}
    m_Modifications: []
    m_RemovedComponents: []
  m_ParentPrefab: {fileID: 0}
  m_RootGameObject: {fileID: 188132}
  m_IsPrefabParent: 1
